<?xml version="1.0" encoding="UTF-8"?><record xmlns="http://www.loc.gov/MARC21/slim" xmlns:cinclude="http://apache.org/cocoon/include/1.0" xmlns:zs="http://www.loc.gov/zing/srw/">
  <leader>00457nz  a2200133n  4500</leader>
  <controlfield tag="001">n 2010180364</controlfield>
  <controlfield tag="003">DLC</controlfield>
  <controlfield tag="005">20100126075123.0</controlfield>
  <controlfield tag="008">100125n| acannaabn          |n aaa      </controlfield>
  <datafield tag="010" ind1=" " ind2=" ">
    <subfield code="a">n 2010180364</subfield>
  </datafield>
  <datafield tag="035" ind1=" " ind2=" ">
    <subfield code="a">(DNLM)1467675</subfield>
  </datafield>
  <datafield tag="040" ind1=" " ind2=" ">
    <subfield code="a">DNLM</subfield>
    <subfield code="b">eng</subfield>
    <subfield code="c">DNLM</subfield>
  </datafield>
  <datafield tag="100" ind1="1" ind2=" ">
    <subfield code="a">Griffiths, Jeffrey K.</subfield>
  </datafield>
  <datafield tag="670" ind1=" " ind2=" ">
    <subfield code="a">Public health and infectious diseases, c2010:</subfield>
    <subfield code="b">ECIP t.p. (Jeffrey K. Griffiths, Dept. of Public Health and Family Med., Tufts Univ. Sch. of Med., Boston, MA, USA)</subfield>
  </datafield>
</record>